<record><leader>00000cas a22000007a 4500</leader><controlfield tag="001">15800829</controlfield><controlfield tag="008">870602d18991905msuwr ne      0    0eng d</controlfield><datafield ind1=" " ind2=" " tag="010"><subfield code="a">sn 87090574 </subfield></datafield><datafield ind1=" " ind2=" " tag="040"><subfield code="a">PPM</subfield><subfield code="b">eng</subfield><subfield code="c">PPM</subfield><subfield code="d">MGN</subfield><subfield code="d">OCLCQ</subfield></datafield><datafield ind1=" " ind2=" " tag="042"><subfield code="a">msc</subfield></datafield><datafield ind1="0" ind2="4" tag="245"><subfield code="a">The Braintree observer and reporter.</subfield></datafield><datafield ind1="3" ind2="0" tag="246"><subfield code="a">Braintree reporter and observer</subfield></datafield><datafield ind1=" " ind2=" " tag="260"><subfield code="a">Braintree, Mass. :</subfield><subfield code="b">George W. Prescott &amp; Sons</subfield></datafield><datafield ind1=" " ind2=" " tag="300"><subfield code="a">v.</subfield></datafield><datafield ind1=" " ind2=" " tag="310"><subfield code="a">Weekly</subfield></datafield><datafield ind1="0" ind2=" " tag="362"><subfield code="a">Vol. 22, no. 40 (Oct. 7, 1899)-v. 28, no. 52 (Dec. 30, 1905).</subfield></datafield><datafield ind1=" " ind2=" " tag="500"><subfield code="a">Issued also as: Braintree reporter and observer, Oct. 7-Nov. 25, 1899.</subfield></datafield><datafield ind1=" " ind2=" " tag="500"><subfield code="a">Published in South Braintree [Braintree], Mass., Oct. 28, 1899-1905.</subfield></datafield><datafield ind1=" " ind2=" " tag="752"><subfield code="a">United States</subfield><subfield code="b">Massachusetts</subfield><subfield code="c">Norfolk</subfield><subfield code="d">Braintree.</subfield></datafield><datafield ind1=" " ind2=" " tag="752"><subfield code="a">United States</subfield><subfield code="b">Massachusetts</subfield><subfield code="c">Norfolk</subfield><subfield code="d">South Braintree.</subfield></datafield><datafield ind1="0" ind2="4" tag="780"><subfield code="t">Braintree observer (Braintree, Mass. : 1886)</subfield><subfield code="w">(DLC)sn 89062051</subfield></datafield><datafield ind1="0" ind2="4" tag="780"><subfield code="t">Braintree reporter</subfield><subfield code="w">(DLC)sn 92056752</subfield></datafield><datafield ind1="0" ind2="0" tag="785"><subfield code="t">Braintree observer (Braintree, Mass. : 1906)</subfield><subfield code="w">(DLC)sn 89062053</subfield></datafield></record>